<record><leader>00000cas a22000007a 4500</leader><controlfield tag="001">13776525</controlfield><controlfield tag="008">860625d18551857tnudr ne      0   a0eng d</controlfield><datafield ind1=" " ind2=" " tag="010"><subfield code="a">sn 86053516 </subfield></datafield><datafield ind1=" " ind2=" " tag="040"><subfield code="a">NPX</subfield><subfield code="b">eng</subfield><subfield code="c">NPX</subfield><subfield code="d">TGN</subfield><subfield code="d">OCL</subfield><subfield code="d">OCLCQ</subfield><subfield code="d">DLC</subfield><subfield code="d">OCLCA</subfield><subfield code="d">OCLCF</subfield></datafield><datafield ind1="0" ind2=" " tag="022"><subfield code="a">2327-8463</subfield><subfield code="2">1</subfield></datafield><datafield ind1="1" ind2=" " tag="029"><subfield code="a">AU@</subfield><subfield code="b">000025791220</subfield></datafield><datafield ind1=" " ind2=" " tag="042"><subfield code="a">msc</subfield><subfield code="a">nsdp</subfield></datafield><datafield ind1=" " ind2=" " tag="043"><subfield code="a">n-us-tn</subfield></datafield><datafield ind1="0" ind2="0" tag="050"><subfield code="a">Newspaper</subfield></datafield><datafield ind1="0" ind2="0" tag="082"><subfield code="a">071</subfield><subfield code="2">23</subfield></datafield><datafield ind1=" " ind2="0" tag="222"><subfield code="a">Nashville daily patriot</subfield><subfield code="b">(Print)</subfield></datafield><datafield ind1="0" ind2="0" tag="245"><subfield code="a">Nashville daily patriot.</subfield></datafield><datafield ind1="1" ind2="3" tag="246"><subfield code="a">Daily patriot</subfield></datafield><datafield ind1="1" ind2="3" tag="246"><subfield code="a">Nashville patriot</subfield></datafield><datafield ind1=" " ind2=" " tag="260"><subfield code="a">Nashville, Tenn. :</subfield><subfield code="b">Smith, Morgan &amp; Co.,</subfield><subfield code="c">1855-1857.</subfield></datafield><datafield ind1=" " ind2=" " tag="300"><subfield code="a">v.</subfield></datafield><datafield ind1=" " ind2=" " tag="310"><subfield code="a">Daily (except Sun.)</subfield></datafield><datafield ind1="0" ind2=" " tag="362"><subfield code="a">New ser. v. 20, no. 1 (Dec. 1, 1855)-v. 21, no. 344 (Jan. 14, 1857).</subfield></datafield><datafield ind1=" " ind2=" " tag="530"><subfield code="a">Archived issues are available in digital format as part of the Library of Congress Chronicling America online collection.</subfield></datafield><datafield ind1=" " ind2="0" tag="651"><subfield code="a">Davidson County (Tenn.)</subfield><subfield code="v">Newspapers.</subfield></datafield><datafield ind1=" " ind2="0" tag="651"><subfield code="a">Nashville (Tenn.)</subfield><subfield code="v">Newspapers.</subfield></datafield><datafield ind1=" " ind2="7" tag="655"><subfield code="a">Newspapers.</subfield><subfield code="2">fast</subfield><subfield code="0">(OCoLC)fst01423814</subfield></datafield><datafield ind1=" " ind2="7" tag="651"><subfield code="a">Tennessee</subfield><subfield code="z">Davidson County.</subfield><subfield code="2">fast</subfield><subfield code="0">(OCoLC)fst01205346</subfield></datafield><datafield ind1=" " ind2="7" tag="651"><subfield code="a">Tennessee</subfield><subfield code="z">Nashville.</subfield><subfield code="2">fast</subfield><subfield code="0">(OCoLC)fst01204195</subfield></datafield><datafield ind1=" " ind2=" " tag="752"><subfield code="a">United States</subfield><subfield code="b">Tennessee</subfield><subfield code="c">Davidson</subfield><subfield code="d">Nashville.</subfield></datafield><datafield ind1="0" ind2=" " tag="775"><subfield code="t">Nashville patriot (Nashville, Tenn. : Triweekly)</subfield><subfield code="w">(DLC)sn 86053517</subfield><subfield code="w">(OCoLC)13776556</subfield></datafield><datafield ind1="0" ind2=" " tag="775"><subfield code="t">Nashville weekly patriot</subfield><subfield code="w">(DLC)sn 86071173</subfield><subfield code="w">(OCoLC)13228746</subfield></datafield><datafield ind1="1" ind2=" " tag="776"><subfield code="t">Nashville daily patriot (Online)</subfield><subfield code="x">2327-8471</subfield><subfield code="w">(DLC)  2013218687</subfield><subfield code="w">(OCoLC)835089407</subfield></datafield><datafield ind1="0" ind2="0" tag="780"><subfield code="t">Daily Nashville true Whig</subfield><subfield code="x">2327-8412</subfield><subfield code="w">(DLC)sn 86071224</subfield><subfield code="w">(OCoLC)13311256</subfield></datafield><datafield ind1="0" ind2="0" tag="785"><subfield code="t">Daily Nashville patriot (Nashville, Tenn. : 1857)</subfield><subfield code="w">(DLC)sn 96091000</subfield><subfield code="w">(OCoLC)34619557</subfield></datafield><datafield ind1="4" ind2="1" tag="856"><subfield code="u">http://www.loc.gov/chroniclingamerica/lccn/sn86053516/issues</subfield></datafield></record>